<?xml version='1.0'?>
<collection xmlns='http://www.loc.gov/MARC21/slim' xmlns:xsi='http://www.w3.org/2001/XMLSchema-instance' xsi:schemaLocation='http://www.loc.gov/MARC21/slim http://www.loc.gov/standards/marcxml/schema/MARC21slim.xsd'>
<record><leader>     nam a22002171  4500</leader><controlfield tag='005'>19890208000000.0</controlfield><controlfield tag='008'>890208s1901    fr ab         00000 fre d</controlfield><controlfield tag='001'>990010357760106381</controlfield><datafield ind1=' ' ind2=' ' tag='035'><subfield code='a'>(MiU)001035776MIU01</subfield></datafield><datafield ind1=' ' ind2=' ' tag='010'><subfield code='a'>31011036</subfield></datafield><datafield ind1=' ' ind2=' ' tag='035'><subfield code='a'>(CaOTULAS)176075347</subfield></datafield><datafield ind1=' ' ind2=' ' tag='035'><subfield code='a'>(SAZTEC)137701750</subfield></datafield><datafield ind1=' ' ind2=' ' tag='035'><subfield code='a'>(OCoLC)ocm20867125</subfield><subfield code='0'>(uri) http://www.worldcat.org/oclc/20867125</subfield></datafield><datafield ind1=' ' ind2=' ' tag='040'><subfield code='c'>CarP</subfield></datafield><datafield ind1='0' ind2=' ' tag='050'><subfield code='a'>TL620.F3</subfield><subfield code='b'>A3</subfield></datafield><datafield ind1='1' ind2=' ' tag='100'><subfield code='a'>Farman, Maurice,</subfield><subfield code='d'>1877-</subfield></datafield><datafield ind1='1' ind2='0' tag='245'><subfield code='a'>3,000 kilomètres en ballon,</subfield></datafield><datafield ind1=' ' ind2=' ' tag='260'><subfield code='a'>Paris,</subfield><subfield code='b'>B. Tignol,</subfield><subfield code='c'>1901.</subfield></datafield><datafield ind1=' ' ind2=' ' tag='300'><subfield code='a'>2 p.l., 144 p., 1 l.</subfield><subfield code='b'>illus. (incl. maps) diagrs.</subfield><subfield code='c'>23 cm.</subfield></datafield><datafield ind1=' ' ind2='0' tag='650'><subfield code='a'>Balloon ascensions</subfield><subfield code='0'>(uri) http://id.loc.gov/authorities/subjects/sh85011317</subfield></datafield><datafield ind1=' ' ind2=' ' tag='998'><subfield code='c'>UTL</subfield><subfield code='s'>9662</subfield></datafield><datafield ind1=' ' ind2=' ' tag='958'><subfield code='a'>MiU</subfield></datafield><datafield ind1=' ' ind2=' ' tag='959'><subfield code='a'>(notis)ULAEK6432</subfield></datafield><datafield ind1=' ' ind2=' ' tag='995'><subfield code='a'>20</subfield></datafield><datafield ind1=' ' ind2=' ' tag='BIB'><subfield code='c'>2021-06-21 16:54:14 US/Eastern</subfield><subfield code='s'>false</subfield></datafield><datafield ind1='0' ind2=' ' tag='852'><subfield code='b'>BUHR</subfield><subfield code='a'>MiU</subfield><subfield code='c'>MAIN</subfield><subfield code='h'>TL 620 .F23 A3</subfield><subfield code='8'>22950417770006381</subfield></datafield><datafield ind1=' ' ind2=' ' tag='974'><subfield code='8'>22950417770006381</subfield><subfield code='f'>1</subfield><subfield code='c'>MAIN</subfield><subfield code='m'>BOOK</subfield><subfield code='a'>39015020235548</subfield><subfield code='i'>Buhr B 735062</subfield><subfield code='e'>MAIN</subfield><subfield code='u'>mdp.39015020235548 pdus 20200203 165</subfield><subfield code='7'>23950417760006381</subfield><subfield code='p'>02</subfield><subfield code='r'>1991-02-12 10:59:00</subfield><subfield code='h'>TL 620 .F23 A3</subfield><subfield code='d'>BUHR</subfield><subfield code='b'>BUHR</subfield></datafield></record>