
<record><leader>     nam a22002651a 4500</leader><controlfield tag='005'>20040416000000.0</controlfield><controlfield tag='007'>he bmb020baca</controlfield><controlfield tag='008'>020619m18891891dcub    b    f000 0 eng d</controlfield><controlfield tag='001'>990036134680106381</controlfield><datafield ind1=' ' ind2=' ' tag='035'><subfield code='a'>(MiU)003613468MIU01</subfield></datafield><datafield ind1=' ' ind2=' ' tag='035'><subfield code='a'>cis19043445</subfield></datafield><datafield ind1=' ' ind2=' ' tag='035'><subfield code='a'>(OCoLC)ocm70761349</subfield><subfield code='0'>(uri) http://www.worldcat.org/oclc/70761349</subfield></datafield><datafield ind1=' ' ind2=' ' tag='040'><subfield code='a'>Congressional Information Service</subfield><subfield code='c'>Congressional Information Service</subfield></datafield><datafield ind1=' ' ind2=' ' tag='059'><subfield code='a'>NO EXPORT: ALL</subfield></datafield><datafield ind1='0' ind2=' ' tag='086'><subfield code='a'>A 27.2:St 2</subfield></datafield><datafield ind1=' ' ind2=' ' tag='099'><subfield code='a'>CIS US Exec MF A2702-8.1 to A2702-8.2</subfield></datafield><datafield ind1='0' ind2='0' tag='245'><subfield code='a'>Album of agricultural statistics of U.S.</subfield><subfield code='h'>[microform].</subfield></datafield><datafield ind1=' ' ind2=' ' tag='260'><subfield code='a'>Washington, D.C. :</subfield><subfield code='b'>[s.n.],</subfield><subfield code='c'>1889-1891.</subfield></datafield><datafield ind1=' ' ind2=' ' tag='300'><subfield code='a'>2 v. :</subfield><subfield code='b'>maps ;</subfield><subfield code='c'>cm.</subfield></datafield><datafield ind1=' ' ind2=' ' tag='500'><subfield code='a'>[With data on crop acreage and yield, livestock, rural population, and land value and tenure, by State]</subfield></datafield><datafield ind1='3' ind2=' ' tag='510'><subfield code='a'>CIS Index to U.S. Executive Branch Documents, 1789-1909 Part 4.</subfield></datafield><datafield ind1=' ' ind2=' ' tag='533'><subfield code='a'>Microfiche.</subfield><subfield code='b'>[Bethesda, Md.]:</subfield><subfield code='c'>Congressional Information Service,</subfield><subfield code='d'>1993.</subfield><subfield code='e'>11 x 15 cm.</subfield><subfield code='f'>(CIS US Executive Branch Documents, 1789-1909: no. A2702-8.1 to A2702-8.2)</subfield></datafield><datafield ind1=' ' ind2='0' tag='650'><subfield code='a'>Agriculture</subfield><subfield code='z'>United States</subfield><subfield code='v'>Statistics.</subfield><subfield code='0'>(uri) http://id.loc.gov/authorities/subjects/sh2007100917</subfield></datafield><datafield ind1='1' ind2=' ' tag='700'><subfield code='a'>Dodge, J. R.</subfield><subfield code='q'>(Jacob Richards),</subfield><subfield code='d'>1823-1902.</subfield><subfield code='0'>(uri) http://id.loc.gov/authorities/names/n90612800</subfield><subfield code='0'>(uri) http://viaf.org/viaf/sourceID/LC|n90612800</subfield></datafield><datafield ind1='1' ind2=' ' tag='710'><subfield code='a'>United States.</subfield><subfield code='b'>Department of Agriculture.</subfield><subfield code='b'>Bureau of Statistics.</subfield><subfield code='0'>(uri) http://id.loc.gov/authorities/names/n81129756</subfield><subfield code='0'>(uri) http://viaf.org/viaf/sourceID/LC|n81129756</subfield></datafield><datafield ind1=' ' ind2=' ' tag='958'><subfield code='a'>MiU</subfield></datafield><datafield ind1=' ' ind2=' ' tag='959'><subfield code='a'>(notis)ULATQ5808</subfield></datafield><datafield ind1=' ' ind2=' ' tag='995'><subfield code='a'>20</subfield></datafield><datafield ind1=' ' ind2=' ' tag='BIB'><subfield code='u'>2021-07-25 18:36:00 US/Eastern</subfield><subfield code='c'>2021-06-21 16:54:14 US/Eastern</subfield><subfield code='s'>false</subfield></datafield><datafield ind1='4' ind2=' ' tag='852'><subfield code='b'>HATCH</subfield><subfield code='a'>MiU</subfield><subfield code='c'>GLMR</subfield><subfield code='j'>MICRO-F Do9 no.A2702-8.1 to A2702-8.2</subfield><subfield code='8'>22950417140006381</subfield></datafield><datafield ind1=' ' ind2=' ' tag='974'><subfield code='8'>22950417140006381</subfield><subfield code='f'>1</subfield><subfield code='c'>GLMR</subfield><subfield code='m'>BOOK</subfield><subfield code='a'>B1455551</subfield><subfield code='e'>GLMR</subfield><subfield code='7'>23950417130006381</subfield><subfield code='p'>03</subfield><subfield code='r'>2004-06-25 10:59:00</subfield><subfield code='h'>MICRO-F Do9 no.A2702-8.1 to A2702-8.2</subfield><subfield code='d'>HATCH</subfield><subfield code='b'>HATCH</subfield></datafield></record>