
<record><leader>     nam a22002291  4500</leader><controlfield tag='005'>19890208000000.0</controlfield><controlfield tag='008'>890208s1962    dcua         f00000 eng d</controlfield><controlfield tag='001'>990010358460106381</controlfield><datafield ind1=' ' ind2=' ' tag='035'><subfield code='a'>(MiU)001035846MIU01</subfield></datafield><datafield ind1=' ' ind2=' ' tag='010'><subfield code='a'>62064882</subfield></datafield><datafield ind1=' ' ind2=' ' tag='035'><subfield code='a'>(CaOTULAS)176075427</subfield></datafield><datafield ind1=' ' ind2=' ' tag='035'><subfield code='a'>(SAZTEC)137804970</subfield></datafield><datafield ind1=' ' ind2=' ' tag='035'><subfield code='a'>(OCoLC)ocm02909939</subfield><subfield code='0'>(uri) http://www.worldcat.org/oclc/02909939</subfield></datafield><datafield ind1=' ' ind2=' ' tag='040'><subfield code='c'>CarP</subfield></datafield><datafield ind1='0' ind2=' ' tag='050'><subfield code='a'>TL711.B6</subfield><subfield code='b'>U618</subfield></datafield><datafield ind1='1' ind2=' ' tag='110'><subfield code='a'>United States.</subfield><subfield code='b'>Flight Standards Service.</subfield><subfield code='0'>(uri) http://id.loc.gov/authorities/names/n79126388</subfield><subfield code='0'>(uri) http://viaf.org/viaf/sourceID/LC|n79126388</subfield></datafield><datafield ind1='1' ind2='0' tag='245'><subfield code='a'>Instrument flight instructor examination guide.</subfield></datafield><datafield ind1=' ' ind2=' ' tag='260'><subfield code='a'>Washington,</subfield><subfield code='b'>For sale by the superintendent of Documents, U. S. Govt. Print. Off.,</subfield><subfield code='c'>1962.</subfield></datafield><datafield ind1=' ' ind2=' ' tag='300'><subfield code='a'>iii, 48 p.</subfield><subfield code='b'>illus.</subfield><subfield code='c'>26 cm.</subfield></datafield><datafield ind1=' ' ind2='0' tag='650'><subfield code='a'>Instrument flying</subfield><subfield code='x'>Examinations, questions, etc.</subfield><subfield code='0'>(uri) http://id.loc.gov/authorities/subjects/sh85066764</subfield></datafield><datafield ind1=' ' ind2='0' tag='650'><subfield code='a'>Flight training</subfield><subfield code='0'>(uri) http://id.loc.gov/authorities/subjects/sh85049126</subfield></datafield><datafield ind1=' ' ind2=' ' tag='998'><subfield code='c'>UTL</subfield><subfield code='s'>9662</subfield></datafield><datafield ind1=' ' ind2=' ' tag='958'><subfield code='a'>MiU</subfield></datafield><datafield ind1=' ' ind2=' ' tag='959'><subfield code='a'>(notis)ULAEK6502</subfield></datafield><datafield ind1=' ' ind2=' ' tag='995'><subfield code='a'>20</subfield></datafield><datafield ind1=' ' ind2=' ' tag='BIB'><subfield code='u'>2021-07-17 09:20:21 US/Eastern</subfield><subfield code='c'>2021-06-21 16:54:15 US/Eastern</subfield><subfield code='s'>false</subfield></datafield><datafield ind1='0' ind2=' ' tag='852'><subfield code='b'>BUHR</subfield><subfield code='a'>MiU</subfield><subfield code='c'>MAIN</subfield><subfield code='h'>TL 710 .U615 1962</subfield><subfield code='8'>22950416390006381</subfield></datafield><datafield ind1=' ' ind2=' ' tag='974'><subfield code='8'>22950416390006381</subfield><subfield code='f'>1</subfield><subfield code='c'>MAIN</subfield><subfield code='m'>BOOK</subfield><subfield code='a'>39015021098143</subfield><subfield code='i'>Buhr B 738135</subfield><subfield code='e'>MAIN</subfield><subfield code='u'>mdp.39015021098143 pd 20200226 57</subfield><subfield code='7'>23950416380006381</subfield><subfield code='p'>02</subfield><subfield code='r'>1991-02-25 10:59:00</subfield><subfield code='h'>TL 710 .U615 1962</subfield><subfield code='d'>BUHR</subfield><subfield code='b'>BUHR</subfield></datafield></record>