
<record><leader>     nam a22002291  4500</leader><controlfield tag='005'>19910705000000.0</controlfield><controlfield tag='008'>890208m19479999sz a          00000 ger d</controlfield><controlfield tag='001'>990010351620106381</controlfield><datafield ind1=' ' ind2=' ' tag='035'><subfield code='a'>(MiU)001035162MIU01</subfield></datafield><datafield ind1=' ' ind2=' ' tag='010'><subfield code='a'>48015359</subfield></datafield><datafield ind1=' ' ind2=' ' tag='035'><subfield code='a'>(CaOTULAS)176074413</subfield></datafield><datafield ind1=' ' ind2=' ' tag='035'><subfield code='a'>(SAZTEC)108305860</subfield></datafield><datafield ind1=' ' ind2=' ' tag='035'><subfield code='a'>(OCoLC)ocm39680937</subfield><subfield code='0'>(uri) http://www.worldcat.org/oclc/39680937</subfield></datafield><datafield ind1=' ' ind2=' ' tag='040'><subfield code='c'>CarP</subfield></datafield><datafield ind1='0' ind2=' ' tag='050'><subfield code='a'>QD553</subfield><subfield code='b'>.S8</subfield></datafield><datafield ind1='1' ind2=' ' tag='100'><subfield code='a'>Stieger, Anton.</subfield></datafield><datafield ind1='0' ind2='0' tag='245'><subfield code='a'>Elektrochemie.</subfield></datafield><datafield ind1=' ' ind2=' ' tag='260'><subfield code='a'>Zürich,</subfield><subfield code='b'>Rascher,</subfield><subfield code='c'>1947-</subfield></datafield><datafield ind1=' ' ind2=' ' tag='300'><subfield code='a'>1 v.</subfield><subfield code='b'>illus.</subfield><subfield code='c'>23 cm.</subfield></datafield><datafield ind1='0' ind2=' ' tag='505'><subfield code='a'>teil 1.theoretische grundlagen.</subfield></datafield><datafield ind1=' ' ind2='0' tag='650'><subfield code='a'>Electrochemistry</subfield><subfield code='0'>(uri) http://id.loc.gov/authorities/subjects/sh85042105</subfield></datafield><datafield ind1=' ' ind2=' ' tag='998'><subfield code='c'>UTL</subfield><subfield code='s'>9662</subfield></datafield><datafield ind1=' ' ind2=' ' tag='958'><subfield code='a'>MiU</subfield></datafield><datafield ind1=' ' ind2=' ' tag='959'><subfield code='a'>(notis)ULAEK5791</subfield></datafield><datafield ind1=' ' ind2=' ' tag='995'><subfield code='a'>20</subfield></datafield><datafield ind1=' ' ind2=' ' tag='BIB'><subfield code='c'>2021-06-21 16:54:15 US/Eastern</subfield><subfield code='s'>false</subfield></datafield><datafield ind1='0' ind2=' ' tag='852'><subfield code='b'>BUHR</subfield><subfield code='a'>MiU</subfield><subfield code='c'>MAIN</subfield><subfield code='h'>QD 553 .S86</subfield><subfield code='8'>22950416300006381</subfield></datafield><datafield ind1='4' ind2='0' tag='866'><subfield code='a'>(teil 1 1947)</subfield><subfield code='8'>22950416300006381</subfield></datafield><datafield ind1=' ' ind2=' ' tag='974'><subfield code='8'>22950416300006381</subfield><subfield code='f'>1</subfield><subfield code='c'>MAIN</subfield><subfield code='m'>BOOK</subfield><subfield code='a'>39015078151597</subfield><subfield code='i'>Buhr B 610402</subfield><subfield code='e'>MAIN</subfield><subfield code='u'>mdp.39015078151597 ic 20210424</subfield><subfield code='7'>23950416290006381</subfield><subfield code='p'>02</subfield><subfield code='r'>1992-08-07 10:59:00</subfield><subfield code='h'>QD 553 .S86</subfield><subfield code='d'>BUHR</subfield><subfield code='b'>BUHR</subfield></datafield></record>
</collection>